@article{DLBiometricsSurvey,
author = {Minaee, Shervin and Abdolrashidi, Amirali and Su, Hang and Bennamoun, Mohammed and Zhang, David},
year = {2019},
month = {11},
pages = {},
title = {Biometric Recognition Using Deep Learning: A Survey}
}

 
@article{CNNiris,
  author={Menon, Hrishikesh and Mukherjee, Anirban},
  booktitle={2018 IEEE International Instrumentation and Measurement Technology Conference (I2MTC)}, 
  title={Iris biometrics using deep convolutional networks}, 
  year={2018},
  volume={},
  number={},
  pages={1-5},
  doi={10.1109/I2MTC.2018.8409594}}

@article{ResNet18,
      title={Deep Residual Learning for Image Recognition}, 
      author={Kaiming He and Xiangyu Zhang and Shaoqing Ren and Jian Sun},
      year={2015},
      eprint={1512.03385},
      archivePrefix={arXiv},
      primaryClass={cs.CV}
}

@misc{mallick_2018, title={Feature Based Image Alignment using OpenCV (C /Python)}, url={https://learnopencv.com/feature-based-image-alignment-using-opencv-c-python/}, journal={Learn OpenCV}, author={Mallick, Satya}, year={2018}, month={Mar}}

@inproceedings{liu2015faceattributes,
 title = {Deep Learning Face Attributes in the Wild},
 author = {Liu, Ziwei and Luo, Ping and Wang, Xiaogang and Tang, Xiaoou},
 booktitle = {Proceedings of International Conference on Computer Vision (ICCV)},
 month = {December},
 year = {2015} 
}

@misc{zhong2016leveraging,
      title={Leveraging Mid-Level Deep Representations For Predicting Face Attributes in the Wild}, 
      author={Yang Zhong and Josephine Sullivan and Haibo Li},
      year={2016},
      eprint={1602.01827},
      archivePrefix={arXiv},
      primaryClass={cs.CV}
}

@misc{liu2015deep,
      title={Deep Learning Face Attributes in the Wild}, 
      author={Ziwei Liu and Ping Luo and Xiaogang Wang and Xiaoou Tang},
      year={2015},
      eprint={1411.7766},
      archivePrefix={arXiv},
      primaryClass={cs.CV}
}

@misc{sharma2019slimcnn,
      title={Slim-CNN: A Light-Weight CNN for Face Attribute Prediction}, 
      author={Ankit Sharma and Hassan Foroosh},
      year={2019},
      eprint={1907.02157},
      archivePrefix={arXiv},
      primaryClass={cs.CV}
}

@INPROCEEDINGS{AFFACT,
  author={GÃ¼nther, Manuel and Rozsa, Andras and Boult, Terranee E.},
  booktitle={2017 IEEE International Joint Conference on Biometrics (IJCB)}, 
  title={AFFACT: Alignment-free facial attribute classification technique}, 
  year={2017},
  volume={},
  number={},
  pages={90-99},
  doi={10.1109/BTAS.2017.8272686}}

@inproceedings{deng2009imagenet,
  title={Imagenet: A large-scale hierarchical image database},
  author={Deng, Jia and Dong, Wei and Socher, Richard and Li, Li-Jia and Li, Kai and Fei-Fei, Li},
  booktitle={2009 IEEE conference on computer vision and pattern recognition},
  pages={248--255},
  year={2009},
  organization={Ieee}
}
